
@misc{noauthor_quarkus_nodate,
	title = {Quarkus {Keycloak}'s},
	url = {https://www.youtube.com/watch?v=qNeDPgrytxE&t=1793s},
}

@misc{noauthor_fragebogen_nodate,
	title = {Fragebogen {Vorlage} 1 questionz},
	url = {https://github.com/htl-leonding-project/questionz},
}

@misc{noauthor_fragebogen_nodate-1,
	title = {Fragebogen {Vorlage} 2 {LeoSurvey}},
	url = {https://github.com/htl-leonding-project/leo-survey},
}

@misc{noauthor_asciidock_nodate,
	title = {{AsciiDock} {Befehle}},
	url = {https://docs.asciidoctor.org/asciidoc/latest/syntax-quick-reference/},
	note = {Für Doku},
}

@misc{noauthor_docker_nodate,
	title = {Docker {Installation} {On} {Windows} 10 {\textbar} {How} {To} {Install} {Docker}? {\textbar} {Docker} {Installation} {\textbar} {Simplilearn}},
	url = {https://www.youtube.com/watch?v=5nX8U8Fz5S0},
}

@misc{noauthor_install_nodate,
	title = {Install {Docker} {Desktop} on {Windows}},
	url = {https://docs.docker.com/docker-for-windows/install/},
}

@misc{noauthor_pdflatex_nodate,
	title = {pdflatex, {\textbackslash}includegraphics, and multi-page {PDF} files},
	url = {https://tex.stackexchange.com/questions/7938/pdflatex-includegraphics-and-multi-page-pdf-files},
	abstract = {Probleme mit bei Gesprächsprotokoll 16.07 das die 2te Seite angezeigt wird -{\textgreater} Lösung},
	month = aug,
}

@misc{noauthor_importsql_nodate,
	title = {import.sql {Infos}},
	url = {https://quarkus.io/guides/hibernate-orm},
}

@misc{noauthor_youtrack_nodate,
	title = {{YouTrack} {Problem}},
	url = {https://youtrack-support.jetbrains.com/hc/en-us/community/posts/360009613400-Multiple-boards-one-issue},
	abstract = {YouTrack Problem mit 2. Board für das Frontend erstellen und dann die anderen Tasks löschen

Board dubliziert und gelöscht
-{\textgreater}Tasks wurden auch am anderen Board gelöscht 

-{\textgreater} In den Kommentaren erwähnt sie das die Sprints zusammenhängen egal auf welchen Board desshalb ist die Lösung einen neues Sprint zu erstellen -{\textgreater} hat funktioniert die alten Sprints habe ich dann neu erstellt und die Commits manuell wieder hinzugefügt},
}

@misc{noauthor_karate-info_nodate,
	title = {Karate-{Info} + {Bugfix}},
	url = {https://github.com/intuit/karate#path},
}

@misc{noauthor_felx-box_nodate,
	title = {Felx-{Box}},
	url = {https://css-tricks.com/snippets/css/a-guide-to-flexbox/},
	abstract = {Probemlösung mit Positionierung},
}

@misc{noauthor_name_nodate,
	title = {Name der {Matirial}-{Icons}},
	url = {https://fonts.google.com/icons},
}

@misc{noauthor_w3schools_nodate,
	title = {{W3Schools}},
	url = {https://www.w3schools.com},
	abstract = {https://www.w3schools.com/cssref/css3\_pr\_transform.asp

https://www.w3schools.com/jsreF/met\_win\_settimeout.asp

https://www.w3schools.com/html/html\_form\_input\_types.asp},
}

@misc{noauthor_wait_nodate,
	title = {Wait ... {Sekunden} befor man nächste zeile ausführt},
	url = {https://stackoverflow.com/questions/14226803/wait-5-seconds-before-executing-next-line},
	abstract = {Snackbar vnach 3 sekunden verschwinden lassen. Nicht funktioniert. Auch bei w3schools},
}

@misc{noauthor_normalisierung_2022,
	title = {Normalisierung ({Datenbank})},
	copyright = {Creative Commons Attribution-ShareAlike License},
	url = {https://de.wikipedia.org/w/index.php?title=Normalisierung_(Datenbank)&oldid=220974383},
	abstract = {Unter Normalisierung eines relationalen Datenschemas (Tabellenstruktur) versteht man die Aufteilung von Attributen (Tabellenspalten) in mehrere Relationen (Tabellen) gemäß den Normalisierungsregeln (s. u.), so dass eine Form entsteht, die keine Redundanzen mehr enthält.
Ein konzeptionelles Schema, das Datenredundanzen enthält, kann dazu führen, dass bei Änderungen der damit realisierten Datenbank die mehrfach enthaltenen Daten nicht konsistent, sondern nur teilweise und unvollständig geändert werden, womit sie obsolet oder widersprüchlich werden können. Man spricht von auftretenden Anomalien. Zudem belegt mehrfache Speicherung derselben Daten unnötig Speicherplatz. Um Redundanz zu verhindern, normalisiert man solche Tabellen.
Es gibt verschiedene Ausmaße, in denen ein Datenbankschema gegen Anomalien gefeit sein kann. In diesem Zusammenhang spricht man davon, dass es in erster, zweiter, dritter usw. Normalform vorliege. Diese Normalformen sind durch bestimmte formale Anforderungen an das Schema definiert.
Man bringt ein relationales Datenschema in eine Normalform, indem man dessen Relationen fortschreitend anhand ihrer funktionaler Abhängigkeiten in einfachere zerlegt, bis keine weitere Zerlegung mehr möglich ist. Dabei dürfen jedoch auf keinen Fall Daten verloren gehen. Mit dem Satz von Delobel kann man für einen Zerlegungsschritt formal nachweisen, dass er keine Datenverluste mit sich bringt.
Normalisiert wird vor allem in der Phase des Entwurfs einer relationalen Datenbank. Für die Normalisierung gibt es Algorithmen (Synthesealgorithmus (3NF), Zerlegungsalgorithmus (BCNF) usw.), die automatisiert werden können.
Die Zerlegungsmethodik folgt der relationalen Entwurfstheorie.},
	language = {de},
	urldate = {2022-04-04},
	journal = {Wikipedia},
	month = mar,
	year = {2022},
	note = {Page Version ID: 220974383},
}

@misc{noauthor_erste_nodate,
	title = {Erste {Normalform} ({1NF}) {\textbar} {Normalisierung} von {Datenbanken}},
	url = {https://www.datenbanken-verstehen.de/datenmodellierung/normalisierung/erste-normalform/},
	abstract = {Erste Normalform (1NF) Die Erste Normalform (1NF) ist dann gegeben, wenn alle Informationen in einer Tabelle atomar vorliegen. Diesen Satz kann man in vielen Datenbank …},
	language = {de-DE},
	urldate = {2022-04-04},
	journal = {Datenbanken - für Anfänger und Profis},
}

@misc{noauthor_adobe_nodate,
	title = {Adobe {XD} {\textbar} {UI}/{UX}-{Design} und {Zusammenarbeit}},
	url = {https://www.adobe.com/at/products/xd.html},
	urldate = {2022-04-04},
}

@misc{noauthor_was_nodate,
	title = {Was ist {Adobe} {XD} und was ist damit möglich?},
	url = {https://www.adobe.com/at/products/xd/learn/get-started/what-is-adobe-xd-used-for.html},
	abstract = {Adobe XD ist ein Prototyping-Tool für User-Experience- und Interaktionsdesigner, mit dem du Websites, Apps und vieles mehr entwerfen kannst. So geht agiles Design.},
	language = {de},
	urldate = {2022-04-04},
}

@misc{noauthor_fragebogen_nodate-2,
	title = {Fragebogen {Referenzobjekt} 2ask.com},
	url = {https://www.2ask.com/de/},
}

@misc{noauthor_fragebogen_nodate-3,
	title = {Fragebogen {Referenzobjekt} appinio.com},
	url = {https://www.appinio.com/de/},
}

@misc{noauthor_fragebogen_nodate-4,
	title = {Fragebogen {Referenzobjekt} ingress.com},
	url = {https://www.ingress.de},
}

@misc{noauthor_fragebogen_nodate-5,
	title = {Fragebogen {Referenzobjekt} questionpro.com},
	url = {https://www.questionpro.com/},
}

@misc{noauthor_fragebogen_nodate-6,
	title = {Fragebogen {Referenzobjekt} survio.com},
	url = {https://www.survio.com/},
}

@misc{noauthor_fragebogen_nodate-7,
	title = {Fragebogen {Referenzobjekt} umfrageonline.com},
	url = {https://www.umfrageonline.com},
}

@misc{noauthor_was_nodate-1,
	title = {Was ist {SQL} {Developer} {\textbar} {Oracle} {Deutschland}},
	url = {https://www.oracle.com/de/tools/technologies/whatis-sql-developer.html},
	urldate = {2022-04-04},
}

@misc{noauthor_data_nodate,
	title = {Data {Modeling} {Tools} {\textbar} {Oracle} {SQL} {Developer} {Data} {Modeler}},
	url = {https://www.oracle.com/database/technologies/appdev/datamodeler.html},
	urldate = {2022-04-04},
	file = {Data Modeling Tools | Oracle SQL Developer Data Modeler:C\:\\Users\\Raffeiner\\Zotero\\storage\\98L2T7TE\\datamodeler.html:text/html},
}

@misc{noauthor_was_nodate-2,
	title = {Was ist {Entity}-{Relationship}-{Diagramm} ({ERD})? - {Definition} von {WhatIs}.com},
	shorttitle = {Was ist {Entity}-{Relationship}-{Diagramm} ({ERD})?},
	url = {https://whatis.techtarget.com/de/definition/Entity-Relationship-Diagramm-ERD},
	abstract = {Ein Entity-Relationship-Diagramm (ERD) ist der De-facto-Standard für die Datenmodellierung. Die Methode wurde erstmals 1976 von Peter Chen veröffentlicht.},
	language = {de},
	urldate = {2022-04-04},
	journal = {Whatis.com/de},
}

@misc{noauthor_klassendiagramm_2022,
	title = {Klassendiagramm},
	copyright = {Creative Commons Attribution-ShareAlike License},
	url = {https://de.wikipedia.org/w/index.php?title=Klassendiagramm&oldid=220087015},
	abstract = {Ein Klassendiagramm ist ein Strukturdiagramm der Unified Modeling Language (UML) zur grafischen Darstellung (Modellierung) von Klassen, Schnittstellen sowie deren Beziehungen. Eine Klasse ist in der Objektorientierung ein abstrakter Oberbegriff für die Beschreibung der gemeinsamen Struktur und des gemeinsamen Verhaltens von Objekten (Klassifizierung). Sie dient dazu, Objekte zu abstrahieren. Im Zusammenspiel mit anderen Klassen ermöglichen sie die Modellierung eines abgegrenzten Systems in der objektorientierten Analyse und Entwurf.
Seit den 1990er Jahren werden Klassendiagramme meistens in der Notation der UML dargestellt. Das Klassendiagramm ist eine der 14 Diagrammarten der UML, einer Modellierungssprache für Software und andere Systeme.},
	language = {de},
	urldate = {2022-04-04},
	journal = {Wikipedia},
	month = feb,
	year = {2022},
	note = {Page Version ID: 220087015},
	file = {Snapshot:C\:\\Users\\Raffeiner\\Zotero\\storage\\2WRUKXG3\\Klassendiagramm.html:text/html},
}

@misc{noauthor_klassendiagramm_nodate,
	title = {Klassendiagramm {Syntax} und {Funktionen}},
	url = {https://plantuml.com/de/class-diagram},
	abstract = {PlantUML Klassendiagramm Syntax: Sie können Schnittstellen definieren, Mitglieder, Beziehungen, die Pakete, Generika, Notizen ... Ändern von Schriften und Farben ist ebenfalls möglich.},
	language = {de},
	urldate = {2022-04-04},
	journal = {PlantUML.com},
}

@misc{noauthor_plantuml_2022,
	title = {{PlantUML}},
	copyright = {Creative Commons Attribution-ShareAlike License},
	url = {https://en.wikipedia.org/w/index.php?title=PlantUML&oldid=1067019984},
	abstract = {PlantUML is an open-source tool allowing users to create diagrams from a plain text language. Besides various UML diagrams, PlantUML has support for various other software development related formats (such as Archimate, Block diagram, BPMN, C4, Computer network diagram, ERD, Gantt chart, Mind map, and WBD), as well as visualisation of JSON and YAML files.
The language of PlantUML is an example of a domain-specific language. Besides its own DSL, PlantUML also understands AsciiMath, Creole, DOT, and LaTeX. It uses Graphviz software to layout its diagrams and Tikz for LaTeX support. Images can be output as PNG, SVG, LaTeX and even ASCII art.  PlantUML has also been used to allow blind people to design and read UML diagrams.},
	language = {en},
	urldate = {2022-04-04},
	journal = {Wikipedia},
	month = jan,
	year = {2022},
	note = {Page Version ID: 1067019984},
}

@misc{noauthor_plantuml_nodate,
	title = {{PlantUML} integration - {IntelliJ} {IDEs} {Plugin} {\textbar} {Marketplace}},
	url = {https://plugins.jetbrains.com/plugin/7017-plantuml-integration},
	urldate = {2022-04-04},
	file = {PlantUML integration - IntelliJ IDEs Plugin | Marketplace:C\:\\Users\\Raffeiner\\Zotero\\storage\\L6MNLU87\\7017-plantuml-integration.html:text/html},
}

@misc{noauthor_markdown_2021,
	title = {Markdown},
	copyright = {Creative Commons Attribution-ShareAlike License},
	url = {https://de.wikipedia.org/w/index.php?title=Markdown&oldid=216277920},
	abstract = {Markdown ist eine vereinfachte Auszeichnungssprache, die von John Gruber und Aaron Swartz entworfen und im Dezember 2004 mit Version 1.0.1 spezifiziert wurde. Ein Ziel von Markdown ist eine leicht lesbare Ausgangsform bereits vor der Konvertierung. Als Auszeichnungselemente wurden daher vor allem Auszeichnungsarten verwendet, die in Plain text und E-Mails üblich sind. Auch andere Auszeichnungssprachen mit ähnlichen Zielen zur Lesbarkeit – wie reStructuredText oder Textile – hatten Einfluss auf die Syntax. Der MIME-Type lautet text/markdown.Eine Markdown-Konvertierungssoftware wandelt Text in gültiges und W3C-konformes XHTML um. Die Referenzimplementierung in Perl steht unter einer BSD-artigen Lizenz.
Inzwischen sind Implementierungen in den gängigsten Programmiersprachen wie PHP, Python oder JavaScript sowie R verfügbar.},
	language = {de},
	urldate = {2022-04-04},
	journal = {Wikipedia},
	month = oct,
	year = {2021},
	note = {Page Version ID: 216277920},
	file = {Snapshot:C\:\\Users\\Raffeiner\\Zotero\\storage\\TDA525Z2\\Markdown.html:text/html},
}

@misc{noauthor_markdown_nodate,
	title = {Markdown: {Anleitung} für die einfache {Auszeichnungssprache}},
	shorttitle = {Markdown},
	url = {https://www.ionos.at/digitalguide/websites/web-entwicklung/markdown/},
	abstract = {Erfahren Sie alles zur einfachen Auszeichnungsprache Markdown. Im Tutorial lernen Sie die wichtigsten Elemente und erfahren, was hinter der Markdown Language steckt.},
	language = {at},
	urldate = {2022-04-04},
	journal = {IONOS Digitalguide},
	file = {Snapshot:C\:\\Users\\Raffeiner\\Zotero\\storage\\GXS6ARYM\\markdown.html:text/html},
}

@misc{noauthor_github_nodate,
	title = {{GitHub} {Desktop}},
	url = {https://desktop.github.com/},
	abstract = {Simple collaboration from your desktop},
	language = {en-gb},
	urldate = {2022-04-04},
	journal = {GitHub Desktop},
	file = {Snapshot:C\:\\Users\\Raffeiner\\Zotero\\storage\\IYHJDQ6N\\desktop.github.com.html:text/html},
}

@misc{noauthor_github_2022,
	title = {{GitHub}},
	copyright = {Creative Commons Attribution-ShareAlike License},
	url = {https://de.wikipedia.org/w/index.php?title=GitHub&oldid=219833775},
	abstract = {GitHub ist ein netzbasierter Dienst zur Versionsverwaltung für Software-Entwicklungsprojekte. Namensgebend war das Versionsverwaltungssystem Git. Das Unternehmen GitHub, Inc. hat seinen Sitz in San Francisco in den USA. Seit dem 26. Dezember 2018 gehört das Unternehmen zu Microsoft.
Ähnliche Dienste sind GitLab, Bitbucket und Gitee.},
	language = {de},
	urldate = {2022-04-04},
	journal = {Wikipedia},
	month = feb,
	year = {2022},
	note = {Page Version ID: 219833775},
	file = {Snapshot:C\:\\Users\\Raffeiner\\Zotero\\storage\\7YNW8ABP\\GitHub.html:text/html},
}

@misc{noauthor_github_nodate-1,
	title = {{GitHub} {Issues} · {Project} planning for developers},
	url = {https://github.com/features/issues},
	abstract = {Give your developers flexible features for project management that adapts to any team, project, and workflow—all alongside your code.},
	language = {en},
	urldate = {2022-04-04},
	journal = {GitHub},
}

@misc{noauthor_youtrack_nodate-1,
	title = {{YouTrack}: {Project} management for all your teams},
	url = {https://www.jetbrains.com/youtrack/?source=google&medium=cpc&campaign=10593512144&gclid=CjwKCAjwi6WSBhA-EiwA6NiokxWkS87okQ1xEorkscsy_GvHs0SI4PS6eNffKEPaPzlgZVLhtuUz6xoC17AQAvD_BwE},
	urldate = {2022-04-04},
}

@misc{noauthor_kanban_nodate,
	title = {Kanban},
	url = {https://www.ionos.at/digitalguide/websites/web-entwicklung/kanban/},
	abstract = {Was ist Kanban? Agile Entwicklung made in Japan. Inzwischen kann die Methode in vielen Bereichen der Teamarbeit eingesetzt werden. Auch bei Ihnen? Wir erklären Kanban.},
	language = {at},
	urldate = {2022-04-04},
	journal = {IONOS Digitalguide},
}

@misc{noauthor_kanban_2022,
	title = {Kanban ({Softwareentwicklung})},
	copyright = {Creative Commons Attribution-ShareAlike License},
	url = {https://de.wikipedia.org/w/index.php?title=Kanban_(Softwareentwicklung)&oldid=221647684},
	abstract = {Kanban ist eine Methode in der Softwareentwicklung, bei der die Anzahl paralleler Arbeiten, der Work in Progress (WiP), begrenzt und somit kürzere Durchlaufzeiten erreicht und Probleme – insbesondere Engpässe – schnell sichtbar gemacht werden sollen.},
	language = {de},
	urldate = {2022-04-04},
	journal = {Wikipedia},
	month = mar,
	year = {2022},
	note = {Page Version ID: 221647684},
}

@misc{noauthor_was_nodate-3,
	title = {Was ist ein {Kanban}-{Board} – {Grundlagen} {\textbar} {Kanbanize}},
	url = {https://kanbanize.com/de/kanban-ressourcen/kanban-erste-schritte/was-ist-kanban-board},
	urldate = {2022-04-04},
	file = {Was ist ein Kanban-Board – Grundlagen | Kanbanize:C\:\\Users\\Raffeiner\\Zotero\\storage\\2HC3GEMH\\was-ist-kanban-board.html:text/html},
}

@misc{noauthor_agile_nodate,
	title = {Agile {Consulting}},
	url = {https://www.pwc.at/de/dienstleistungen/unternehmensberatung/agile-consulting.html?gclid=Cj0KCQjw0PWRBhDKARIsAPKHFGjoQu3GFrkkNmPe0VozUaMMRGSFROl73ZNN39j779NhYyk2FO9TwDkaAnmcEALw_wcB},
	urldate = {2022-04-04},
}

@misc{noauthor_scrum_2022,
	title = {Scrum},
	copyright = {Creative Commons Attribution-ShareAlike License},
	url = {https://de.wikipedia.org/w/index.php?title=Scrum&oldid=221753487},
	abstract = {Scrum (englisch für „Gedränge“) ist ein Vorgehensmodell des Projekt- und Produktmanagements, insbesondere zur agilen Softwareentwicklung. Es wurde in der Softwaretechnik entwickelt, ist aber davon unabhängig. Scrum wird inzwischen in vielen anderen Bereichen eingesetzt. Es ist eine Umsetzung von Lean Development für das Projektmanagement.},
	language = {de},
	urldate = {2022-04-04},
	journal = {Wikipedia},
	month = apr,
	year = {2022},
	note = {Page Version ID: 221753487},
	file = {Snapshot:C\:\\Users\\Raffeiner\\Zotero\\storage\\43F8JAIC\\Scrum.html:text/html},
}

@misc{noauthor_scrum_nodate,
	title = {Scrum {Grundlagen} einfach erklärt: {Der} {Product} {Backlog} - {InLoox}},
	url = {https://www.inloox.de/unternehmen/blog/artikel/scrum-grundlagen-einfach-erklaert-der-product-backlog/},
	urldate = {2022-04-04},
}

@misc{noauthor_burn-down-chart_2021,
	title = {Burn-{Down}-{Chart}},
	copyright = {Creative Commons Attribution-ShareAlike License},
	url = {https://de.wikipedia.org/w/index.php?title=Burn-Down-Chart&oldid=207597995},
	abstract = {Ein Burn-Down-Chart ist eine grafische Darstellung für den verbleibenden Aufwand in einem Projekt, in Relation zur verbleibenden Zeit. Die noch zu erledigende Arbeit ("Backlog") wird üblicherweise auf der senkrechten Achse dargestellt, die Zeit auf der waagerechten. Es handelt sich also um ein Liniendiagramm über zu erbringenden Aufwand. Ein solches Diagramm wird benutzt, um vorherzusagen, wann die Arbeit vollständig erledigt sein wird, bzw. ob das zum geplanten Zeitpunkt sein wird. Man verwendet es häufig in Methoden der Agilen Softwareentwicklung wie Scrum. Jedoch können Burn-Down-Charts für alle Projekte verwendet werden, bei denen im Laufe der Zeit ein Projektfortschritt messbar ist.
Neben oder anstatt der Zeit können auf der waagerechten Achse auch Meilensteine angegeben sein.},
	language = {de},
	urldate = {2022-04-04},
	journal = {Wikipedia},
	month = jan,
	year = {2021},
	note = {Page Version ID: 207597995},
}

@misc{noauthor_was_nodate-4,
	title = {Was ist ein {Burn} {Down} {Chart}? - {Wissen} online},
	url = {https://www.microtool.de/wissen-online/was-ist-ein-burn-down-chart/},
	urldate = {2022-04-04},
	file = {Was ist ein Burn Down Chart? - Wissen online:C\:\\Users\\Raffeiner\\Zotero\\storage\\TSMNRFPL\\was-ist-ein-burn-down-chart.html:text/html},
}

@misc{noauthor_token_2020,
	title = {Token authentication requirements for {Git} operations},
	url = {https://github.blog/2020-12-15-token-authentication-requirements-for-git-operations/},
	abstract = {Beginning August 13th, 2021, we will no longer accept account passwords when authenticating Git operations on GitHub.com.},
	language = {en-US},
	urldate = {2022-04-04},
	journal = {The GitHub Blog},
	month = dec,
	year = {2020},
	file = {Snapshot:C\:\\Users\\Raffeiner\\Zotero\\storage\\MDWDP9W2\\2020-12-15-token-authentication-requirements-for-git-operations.html:text/html},
}

@misc{noauthor_creating_nodate,
	title = {Creating a personal access token},
	url = {http://ghdocs-prod.azurewebsites.net:80/en/authentication/keeping-your-account-and-data-secure/creating-a-personal-access-token},
	abstract = {You should create a personal access token to use in place of a password with the command line or with the API.},
	language = {en},
	urldate = {2022-04-04},
	journal = {GitHub Docs},
	file = {Snapshot:C\:\\Users\\Raffeiner\\Zotero\\storage\\RT6IIRCB\\creating-a-personal-access-token.html:text/html},
}

@misc{noauthor_angular_nodate,
	title = {Angular},
	url = {https://angular.io/},
	urldate = {2022-04-04},
	file = {Angular:C\:\\Users\\Raffeiner\\Zotero\\storage\\FRI77KNY\\angular.io.html:text/html},
}

@misc{noauthor_angular_2021,
	title = {Angular},
	copyright = {Creative Commons Attribution-ShareAlike License},
	url = {https://de.wikipedia.org/w/index.php?title=Angular&oldid=217853124},
	abstract = {Angular (zur Abgrenzung vom Vorgänger AngularJS (Version 1.x)) auch „Angular 2+“ ist ein TypeScript-basiertes Front-End-Webapplikationsframework. Es wird von einer Community aus Einzelpersonen und Unternehmen, angeführt durch Google, entwickelt und als Open-Source-Software publiziert.},
	language = {de},
	urldate = {2022-04-04},
	journal = {Wikipedia},
	month = dec,
	year = {2021},
	note = {Page Version ID: 217853124},
}

@misc{noauthor_angular_nodate-1,
	title = {Angular {Material} {UI} component library},
	url = {https://material.angular.io/},
	urldate = {2022-04-04},
}

@misc{noauthor_official_2022,
	title = {Official components for {Angular}},
	copyright = {MIT},
	url = {https://github.com/angular/components},
	abstract = {Component infrastructure and Material Design components for Angular},
	urldate = {2022-04-04},
	publisher = {Angular},
	month = apr,
	year = {2022},
	note = {original-date: 2016-01-04T18:50:02Z},
	keywords = {angular, angular-components, material, material-design},
}

@misc{noauthor_typescript_2022,
	title = {{TypeScript}},
	copyright = {Creative Commons Attribution-ShareAlike License},
	url = {https://de.wikipedia.org/w/index.php?title=TypeScript&oldid=220627084},
	abstract = {TypeScript ist eine von Microsoft entwickelte Programmiersprache, die auf den Vorschlägen zum ECMAScript-6-Standard basiert. Sprachkonstrukte von TypeScript, wie Klassen, Vererbung, Module und anonyme Funktionen, wurden auch in ECMAScript 6 übernommen.Der von Microsoft entwickelte TypeScript-Compiler kompiliert TypeScript-Code nach ECMA Script 3 (ES3), optional auch nach ECMA Script 5 (ES5) zu plain JavaScript. TypeScript ist eine Obermenge (strict superset) von JavaScript, jeder JavaScript-Code ist daher auch gültiger TypeScript-Code, so dass gängige JavaScript-Bibliotheken (wie z. B. jQuery oder AngularJS) auch in TypeScript verwendet werden können.TypeScript unterstützt mit Modulen das Kapseln von Klassen, Interfaces, Funktionen und Variablen in eigene Namensräume. Dabei wird zwischen internen und externen Modulen unterschieden. Interne Module lehnen sich an die Modul-Spezifikation aus ECMAScript 6 an, wohingegen externe Module eine JavaScript-Bibliothek (AMD oder CommonJS) nutzen.TypeScript kann mit Hilfe von Plug-ins in verschiedene Build-Management-Tools integriert werden, darunter Grunt (grunt-ts), Apache Maven (TypeScript Maven Plugin) und Gradle (TypeScript Gradle Plugin).},
	language = {de},
	urldate = {2022-04-04},
	journal = {Wikipedia},
	month = feb,
	year = {2022},
	note = {Page Version ID: 220627084},
}

@misc{noauthor_softwareentwicklung_nodate,
	title = {Softwareentwicklung: {Was} {JavaScript} von {TypeScript} unterscheidet},
	shorttitle = {Softwareentwicklung},
	url = {https://www.computerwoche.de/a/was-javascript-von-typescript-unterscheidet,3548614},
	abstract = {JavaScript ist eine der gängigsten Programmiersprachen, aber nicht für jede Art von Applikation geeignet. Wir sagen Ihnen, wann Sie mit TypeScript besser fahren.},
	language = {de},
	urldate = {2022-04-04},
}

@misc{noauthor_javascript_nodate,
	title = {{JavaScript} {\textbar} {MDN}},
	url = {https://developer.mozilla.org/de/docs/Web/JavaScript},
	abstract = {JavaScript (JS) ist eine leichtgewichtige, interpretierte oder JIT-übersetzte Sprache mit First-Class-Funktion. Bekannt ist sie hauptsächlich als Skriptsprache für Webseiten geworden, jedoch wird sie auch in vielen Umgebungen außerhalb des Browsers wie zum Beispiel Node.js, Apache CouchDB und Adobe Acrobat eingesetzt. JavaScript ist eine prototypbasierte Sprache, die mehreren Paradigmen folgt, dynamisch ist und sowohl objektorientierte, imperative als auch deklarative Programmierung (z. B. funktionales Programmieren) ermöglicht. Weitere Informationen über JavaScript.JavaScript (JS) ist eine leichtgewichtige, interpretierte oder JIT-übersetzte Sprache mit First-Class-Funktion. Bekannt ist sie hauptsächlich als Skriptsprache für Webseiten geworden, jedoch wird sie auch in vielen Umgebungen außerhalb des Browsers wie zum Beispiel Node.js, Apache CouchDB und Adobe Acrobat eingesetzt.},
	language = {de},
	urldate = {2022-04-04},
}

@misc{noauthor_javascript_2022,
	title = {{JavaScript}},
	copyright = {Creative Commons Attribution-ShareAlike License},
	url = {https://de.wikipedia.org/w/index.php?title=JavaScript&oldid=220210768},
	abstract = {JavaScript (kurz JS) ist eine Skriptsprache, die ursprünglich 1995 von Netscape für dynamisches HTML in Webbrowsern entwickelt wurde, um Benutzerinteraktionen auszuwerten, Inhalte zu verändern, nachzuladen oder zu generieren und so die Möglichkeiten von HTML zu erweitern. Heute wird JavaScript auch außerhalb von Browsern angewendet, etwa auf Servern und in Microcontrollern.Der heutige Name der ursprünglich LiveScript genannten Sprache entstand 1996 aus einer Kooperation von Netscape mit Sun Microsystems. Deren Java-Applets, erstellt mit der gleichfalls 1995 veröffentlichten Programmiersprache Java, wurden mithilfe von LiveScript in den Netscape Navigator integriert. Um die Popularität von Java zu nutzen, wurde LiveScript in JavaScript umbenannt, obwohl die beiden Sprachen voneinander unabhängig entwickelt wurden und völlig unterschiedliche Grundkonzepte aufweisen.
Der als ECMAScript (ECMA 262) standardisierte Sprachkern von JavaScript beschreibt eine dynamisch typisierte, objektorientierte, aber klassenlose Skriptsprache. Sie wird allen objektorientierten Programmierparadigmen unter anderem auf der Basis von Prototypen gerecht, deren Deklaration ab ECMAScript 6 mit einer Syntax ermöglicht wird, wie sie ähnlich auch bei klassenbasierten Programmiersprachen üblich ist. In JavaScript lässt sich je nach Bedarf objektorientiert, prozedural oder funktional programmieren.},
	language = {de},
	urldate = {2022-04-04},
	journal = {Wikipedia},
	month = feb,
	year = {2022},
	note = {Page Version ID: 220210768},
}

@misc{noauthor_javascript-grundlagen_nodate,
	title = {{JavaScript}-{Grundlagen} - {Lerne} {Webentwicklung} {\textbar} {MDN}},
	url = {https://developer.mozilla.org/de/docs/Learn/Getting_started_with_the_web/JavaScript_basics},
	urldate = {2022-04-04},
}

@misc{noauthor_css_nodate,
	title = {{CSS} - {Ausführliche} {Erklärung} aus dem {Hosting}-{Lexikon}},
	url = {https://www.checkdomain.de/hosting/lexikon/css/},
	urldate = {2022-04-04},
}

@misc{noauthor_cascading_2022,
	title = {Cascading {Style} {Sheets}},
	copyright = {Creative Commons Attribution-ShareAlike License},
	url = {https://de.wikipedia.org/w/index.php?title=Cascading_Style_Sheets&oldid=220167254},
	abstract = {Cascading Style Sheets (englische Aussprache [kæsˌkeɪdɪŋˈstaɪlʃiːts]; für ‚gestufte Gestaltungsbögen‘; kurz: CSS) ist eine Stylesheet-Sprache für elektronische Dokumente und zusammen mit HTML und JavaScript eine der Kernsprachen des World Wide Webs. Sie ist ein sogenannter living standard  ‚lebendiger Standard‘ und wird vom World Wide Web Consortium (W3C) beständig weiterentwickelt. Mit CSS werden Gestaltungsanweisungen erstellt, die vor allem zusammen mit den Auszeichnungssprachen HTML und XML (zum Beispiel bei SVG) eingesetzt werden.},
	language = {de},
	urldate = {2022-04-04},
	journal = {Wikipedia},
	month = feb,
	year = {2022},
	note = {Page Version ID: 220167254},
}

@misc{noauthor_css_nodate-1,
	title = {{CSS} – {SELFHTML}-{Wiki}},
	url = {https://wiki.selfhtml.org/wiki/CSS},
	urldate = {2022-04-04},
}

@misc{noauthor_css_nodate-2,
	title = {{CSS} {Tutorial}},
	url = {https://www.w3schools.com/css/},
	urldate = {2022-04-04},
}

@misc{noauthor_unterschied_nodate,
	title = {Unterschied zwischen {CSS}, {SCSS} \& {SASS} - {Rechnerhaus} {GmbH}},
	url = {https://www.rechnerhaus.de/blog/unterschied-zwischen-css-scss-sass},
	urldate = {2022-04-04},
}

@misc{noauthor_sass_nodate,
	title = {{SASS} vorgestellt - {SASS} vs {LESS} vs {SCSS} - {Das} sind die {Unterschiede} - {IONOS}},
	url = {https://www.ionos.at/digitalguide/websites/web-entwicklung/sass/},
	urldate = {2022-04-04},
}

@misc{noauthor_sass_nodate-1,
	title = {Sass: {Syntactically} {Awesome} {Style} {Sheets}},
	url = {https://sass-lang.com/},
	urldate = {2022-04-04},
}

@misc{noauthor_sass_nodate-2,
	title = {Sass ({Stylesheet}-{Sprache}) – {Wikipedia}},
	url = {https://de.wikipedia.org/wiki/Sass_(Stylesheet-Sprache)},
	urldate = {2022-04-04},
}

@misc{noauthor_grose_nodate,
	title = {Das große {SASS}-{Tutorial}: {Das} müssen {Sie} wissen!},
	shorttitle = {Das große {SASS}-{Tutorial}},
	url = {https://www.ionos.at/digitalguide/websites/web-entwicklung/sass-tutorial/},
	abstract = {Die SASS-Syntax unterscheidet sich von der, die Sie von CSS kennen. In unserem SASS-Tutorial erklären wir die Eigenheiten der Sprache. SASS lernen – ganz einfach!},
	language = {at},
	urldate = {2022-04-04},
	journal = {IONOS Digitalguide},
}

@misc{noauthor_world_nodate,
	title = {World {Wide} {Web} {Consortium} ({W3C})},
	url = {https://www.w3.org/},
	urldate = {2022-04-04},
}

@misc{noauthor_world_2022,
	title = {World {Wide} {Web} {Consortium}},
	copyright = {Creative Commons Attribution-ShareAlike License},
	url = {https://de.wikipedia.org/w/index.php?title=World_Wide_Web_Consortium&oldid=220241372},
	abstract = {Das World Wide Web Consortium (kurz W3C) ist das Gremium zur Standardisierung der Techniken im World Wide Web. Es wurde am 1. Oktober 1994 am MIT Laboratory for Computer Science in Cambridge (Massachusetts) gegründet.
Das W3C ist eine Mitgliedsorganisation. Gründer und Vorsitzender ist Tim Berners-Lee, der als Erfinder des World Wide Web gilt. Das W3C entwickelt technische Spezifikationen und Richtlinien in einem ausgereiften, transparenten Prozess, um maximalen Konsens über den Inhalt technischer Protokolle, hohe technische und redaktionelle Qualität und Zustimmung durch das W3C und seine Anhängerschaft zu erzielen.Beispiele für durch das W3C standardisierte Technologien sind HTML, XHTML, XML, RDF, OWL, CSS, SVG und WCAG.
Der Sitz des Deutsch-Österreichischen Büros ist seit Januar 2011 am Deutschen Forschungszentrum für Künstliche Intelligenz (DFKI) in Berlin.},
	language = {de},
	urldate = {2022-04-04},
	journal = {Wikipedia},
	month = feb,
	year = {2022},
	note = {Page Version ID: 220241372},
}

@misc{noauthor_less_nodate,
	title = {Less ({Stylesheet}-{Sprache}) – {Wikipedia}},
	url = {https://de.wikipedia.org/wiki/Less_(Stylesheet-Sprache)},
	urldate = {2022-04-04},
}

@misc{noauthor_hypertext_2022,
	title = {Hypertext {Markup} {Language}},
	copyright = {Creative Commons Attribution-ShareAlike License},
	url = {https://de.wikipedia.org/w/index.php?title=Hypertext_Markup_Language&oldid=220236919},
	abstract = {Die Hypertext Markup Language (HTML, englisch für Hypertext-Auszeichnungssprache) ist eine textbasierte Auszeichnungssprache zur Strukturierung elektronischer Dokumente wie Texte mit Hyperlinks, Bildern und anderen Inhalten. HTML-Dokumente sind die Grundlage des World Wide Web und werden von Webbrowsern dargestellt. Neben den vom Browser angezeigten Inhalten können HTML-Dateien zusätzliche Angaben in Form von Metainformationen enthalten, z. B. über die im Text verwendeten Sprachen, den Autor oder den zusammengefassten Inhalt des Textes.
HTML wird vom World Wide Web Consortium (W3C) und der Web Hypertext Application Technology Working Group (WHATWG) weiterentwickelt. Die aktuelle Version ist seit dem 14. Dezember 2017 HTML 5.2, die bereits von vielen aktuellen Webbrowsern und anderen Layout-Engines unterstützt wird. Auch die Extensible Hypertext Markup Language (XHTML) wird durch HTML5 ersetzt.HTML dient als Auszeichnungssprache dazu, einen Text semantisch zu strukturieren, nicht aber zu formatieren. Die visuelle Darstellung ist nicht Teil der HTML-Spezifikationen und wird durch den Webbrowser und Gestaltungsvorlagen wie CSS bestimmt. Ausnahme sind die als veraltet (englisch deprecated) markierten präsentationsbezogenen Elemente.},
	language = {de},
	urldate = {2022-04-04},
	journal = {Wikipedia},
	month = feb,
	year = {2022},
	note = {Page Version ID: 220236919},
}

@misc{noauthor_html_nodate,
	title = {{HTML}: {HyperText} {Markup} {Language} {\textbar} {MDN}},
	shorttitle = {{HTML}},
	url = {https://developer.mozilla.org/de/docs/Web/HTML},
	abstract = {HTML (HyperText Markup Language) ist der grundlegendste Baustein des Webs. Es beschreibt und definiert den Inhalt einer Webseite zusammen mit dem grundlegenden Layout der Webseite. Neben HTML werden im Allgemeinen andere Technologien verwendet, um das Erscheinungsbild (CSS) oder die Funktionalität/Verhalten (JavaScript) einer Webseite zu beschreiben.HTML (HyperText Markup Language) ist der grundlegendste Baustein des Webs. Es beschreibt und definiert den Inhalt einer Webseite zusammen mit dem grundlegenden Layout der Webseite. Neben HTML werden im Allgemeinen andere Technologien verwendet, um das Erscheinungsbild (CSS) oder die Funktionalität/Verhalten (JavaScript) einer Webseite zu beschreiben.},
	language = {de},
	urldate = {2022-04-04},
}

@misc{noauthor_html_nodate-1,
	title = {{HTML} einfach und verständlich erklärt - {SEO}-{Küche}},
	url = {https://www.seo-kueche.de/lexikon/html/},
	urldate = {2022-04-04},
}

@misc{nodejs_nodejs_nodate,
	title = {Node.js},
	url = {https://nodejs.org/en/},
	abstract = {Node.js® is a JavaScript runtime built on Chrome's V8 JavaScript engine.},
	language = {en},
	urldate = {2022-04-04},
	journal = {Node.js},
	author = {Node.js},
}

@misc{noauthor_nodejs_2022,
	title = {Node.js},
	copyright = {Creative Commons Attribution-ShareAlike License},
	url = {https://de.wikipedia.org/w/index.php?title=Node.js&oldid=221490047},
	abstract = {Node.js ist eine plattformübergreifende Open-Source-JavaScript-Laufzeitumgebung, die JavaScript-Code außerhalb eines Webbrowsers ausführen kann. Damit kann zum Beispiel ein Webserver betrieben werden. Node.js wird in der JavaScript-Laufzeitumgebung V8 ausgeführt, die ursprünglich für Google Chrome entwickelt wurde, und bietet eine ressourcensparende Architektur, die eine besonders große Anzahl gleichzeitig bestehender Netzwerkverbindungen ermöglicht. Node.js wurde ursprünglich von Ryan Dahl 2009 entwickelt, einem Software-Entwickler aus San Diego, Kalifornien. 2018 stellte Ryan Dahl einen Nachfolger für Node.js vor, der die Probleme mit Node.js beheben sollte. Er nannte die neue Laufzeitumgebung Deno.},
	language = {de},
	urldate = {2022-04-04},
	journal = {Wikipedia},
	month = mar,
	year = {2022},
	note = {Page Version ID: 221490047},
}

@misc{noauthor_nodejs_nodate,
	title = {Node.js {Introduction}},
	url = {https://www.w3schools.com/nodejs/nodejs_intro.asp},
	abstract = {W3Schools offers free online tutorials, references and exercises in all the major languages of the web. Covering popular subjects like HTML, CSS, JavaScript, Python, SQL, Java, and many, many more.},
	language = {en-US},
	urldate = {2022-04-04},
}

@misc{noauthor_angular-oauth2-oidc_nodate,
	title = {angular-oauth2-oidc - npm},
	url = {https://www.npmjs.com/package/angular-oauth2-oidc},
	urldate = {2022-04-04},
	file = {angular-oauth2-oidc - npm:C\:\\Users\\Raffeiner\\Zotero\\storage\\W7KE28SB\\angular-oauth2-oidc.html:text/html},
}

@misc{noauthor_angular_nodate-2,
	title = {Angular - @angular/localize},
	url = {https://angular.io/api/localize},
	urldate = {2022-04-04},
}

@misc{noauthor_angular_nodate-3,
	title = {Angular - {Angular} {Internationalization}},
	url = {https://angular.io/guide/i18n-overview},
	urldate = {2022-04-04},
}

@misc{noauthor_angularlocalize_nodate,
	title = {@angular/localize},
	url = {https://www.npmjs.com/package/@angular/localize},
	abstract = {Angular - library for localizing messages. Latest version: 13.3.1, last published: 4 days ago. Start using @angular/localize in your project by running `npm i @angular/localize`. There are 168 other projects in the npm registry using @angular/localize.},
	language = {en},
	urldate = {2022-04-04},
	journal = {npm},
}

@misc{noauthor_angular_nodate-4,
	title = {Angular - {Localizing} your app},
	url = {https://docs.angular.lat/guide/i18n},
	urldate = {2022-04-04},
}

@misc{noauthor_xml_2020,
	title = {{XML} {Localization} {Interchange} {File} {Format}},
	copyright = {Creative Commons Attribution-ShareAlike License},
	url = {https://de.wikipedia.org/w/index.php?title=XML_Localization_Interchange_File_Format&oldid=196375817},
	abstract = {Das XML Localization Interchange File Format (engl. für „XML-Dateiformat zum Austausch von Lokalisierungsdaten“), abgekürzt XLIFF, ist ein XML-Format zur Darstellung hierarchisch strukturierter Inhalts-Daten in CAT-Werkzeugen. Das Format ist speziell für den verlustarmen Austausch von Übersetzungsdaten und den dazugehörigen Kontextinformationen gedacht. Es ist XML-basiert und damit erweiterbar.},
	language = {de},
	urldate = {2022-04-04},
	journal = {Wikipedia},
	month = jan,
	year = {2020},
	note = {Page Version ID: 196375817},
	file = {Snapshot:C\:\\Users\\Raffeiner\\Zotero\\storage\\67D5EV8Y\\XML_Localization_Interchange_File_Format.html:text/html},
}

@misc{noauthor_xliff_2022,
	title = {{XLIFF}},
	copyright = {Creative Commons Attribution-ShareAlike License},
	url = {https://en.wikipedia.org/w/index.php?title=XLIFF&oldid=1068044098},
	abstract = {XLIFF (XML Localization Interchange File Format) is an XML-based bitext format created to standardize the way localizable data are passed between and among tools during a localization process and a common format for CAT tool exchange. The XLIFF Technical Committee (TC) first convened at OASIS in December 2001 (first meeting in January 2002), but the first fully ratified version of XLIFF appeared as XLIFF Version 1.2 in February 2008. Its current specification is v2.1 released on 2018-02-13, which is backwards compatible with v2.0 released on 2014-08-05.
The specification is aimed at the localization industry. It specifies elements and attributes to store content extracted from various original file formats and its corresponding translation. The goal was to abstract the localization skills from the engineering skills related to specific formats such as HTML.XLIFF is part of the Open Architecture for XML Authoring and Localization (OAXAL) reference architecture.},
	language = {en},
	urldate = {2022-04-04},
	journal = {Wikipedia},
	month = jan,
	year = {2022},
	note = {Page Version ID: 1068044098},
}

@misc{noauthor_xliff-dateien_nodate,
	title = {{XLIFF}-{Dateien} ({XML} {Localization} {Interchange} {File} {Format})},
	url = {https://docs.memoq.com/current/de/Places/xliff-files.html},
	urldate = {2022-04-04},
}

@misc{noauthor_xml_nodate,
	title = {An {XML} {Language} for {Describing} {Java} {Resource} {Bundles} {\textbar} {Jeffrey} {Morgan}},
	url = {https://jeffreymorgan.io/articles/java-resource-bundles/},
	urldate = {2022-04-04},
}

@misc{noauthor_message_nodate,
	title = {Message bundles},
	url = {https://documentation.opencms.org/opencms-documentation/localization/message-bundles/index.html},
	abstract = {Message bundles are used to localize any kind of text snippets, labels, etc. They are the default localization mechanism for Java. Learn about how to use them in OpenCms - read this topic, even if you know the bundles in general.},
	language = {en},
	urldate = {2022-04-04},
}

@misc{noauthor_xml_nodate-1,
	title = {{XML} files and resource bundles},
	url = {https://help.hcltechsw.com/commerce/7.0.0/com.ibm.commerce.customizetools.doc/concepts/ctfbundles.html},
	urldate = {2022-04-04},
}

@misc{noauthor_ptc_nodate,
	title = {{PTC} {Windchill} {Help} {Center}},
	url = {https://support.ptc.com/help/windchill/wc111_hc/whc_en/index.html#page/Windchill_Help_Center/WCCG_BusLogicCust_ReportGeneration_CustDetails_XMLResourceBundles.html},
	urldate = {2022-04-04},
}

@misc{noauthor_localization_nodate,
	title = {localization - {Internationalization} in {JSF}, when to use message-bundle and resource-bundle? - {Stack} {Overflow}},
	url = {https://stackoverflow.com/questions/2668161/internationalization-in-jsf-when-to-use-message-bundle-and-resource-bundle},
	urldate = {2022-04-04},
}

@misc{noauthor_home_nodate,
	title = {Home - {Docker}},
	url = {https://www.docker.com/},
	urldate = {2022-04-04},
}

@misc{noauthor_docker_nodate-1,
	title = {Docker {Hub}},
	url = {https://hub.docker.com/},
	urldate = {2022-04-04},
}

@misc{noauthor_docker_2022,
	title = {Docker ({Software})},
	copyright = {Creative Commons Attribution-ShareAlike License},
	url = {https://de.wikipedia.org/w/index.php?title=Docker_(Software)&oldid=219084716},
	abstract = {Docker ist eine Freie Software zur Isolierung von Anwendungen mit Hilfe von Containervirtualisierung.
Docker vereinfacht die Bereitstellung von Anwendungen, weil sich Container, die alle nötigen Pakete enthalten, leicht als Dateien transportieren und installieren lassen. Container gewährleisten die Trennung und Verwaltung der auf einem Rechner genutzten Ressourcen. Das umfasst laut Aussage der Entwickler: Code, Laufzeitmodul, Systemwerkzeuge, Systembibliotheken – alles was auf einem Rechner installiert werden kann.},
	language = {de},
	urldate = {2022-04-04},
	journal = {Wikipedia},
	month = jan,
	year = {2022},
	note = {Page Version ID: 219084716},
}

@misc{noauthor_was_nodate-5,
	title = {Was ist {Docker}?},
	url = {https://www.redhat.com/de/topics/containers/what-is-docker},
	abstract = {Docker-Software basiert auf Linux-Technologien, erleichtert die Anwendungsbereitstellung durch Containerisierung und verbessert das Benutzererlebnis.},
	language = {de},
	urldate = {2022-04-04},
}

@misc{noauthor_docker_nodate-2,
	title = {Docker – die revolutionäre {Container}-{Technologie}},
	url = {https://www.ionos.de/digitalguide/server/knowhow/was-ist-docker/},
	abstract = {Was ist Docker? Der Begriff ist Ihnen sicherlich schon einmal untergekommen. Doch worum genau handelt es sich dabei? Wie das Tool funktioniert, erklären wir hier.},
	language = {de},
	urldate = {2022-04-04},
	journal = {IONOS Digitalguide},
}

@misc{noauthor_virtuelle_2021,
	title = {Virtuelle {Maschine}},
	copyright = {Creative Commons Attribution-ShareAlike License},
	url = {https://de.wikipedia.org/w/index.php?title=Virtuelle_Maschine&oldid=217786126},
	abstract = {Als virtuelle Maschine (VM) wird in der Informatik die Software-technische Kapselung eines Rechnersystems innerhalb eines lauffähigen Rechnersystems bezeichnet. Die virtuelle Maschine bildet die Rechnerarchitektur eines real in Hardware existierenden oder eines hypothetischen Rechners nach.Die abstrahierende Schicht zwischen realem oder Host- bzw. Wirt-Rechner, auf dem die virtuelle Maschine ausgeführt wird, und der virtuellen Maschine wird Hypervisor oder Virtual Machine Monitor genannt; ihre Implementierung erfolgt

rein hardwarebasiert
rein softwarebasiert oder
durch eine Kombination.Der Hypervisor erlaubt in der Regel den Betrieb mehrerer virtueller Maschinen gleichzeitig auf einem physischen Rechner.
Virtuelle Maschinen werden direkt auf der CPU des Gastgeberrechners ausgeführt und nutzen üblicherweise deren Virtualisierungsfunktionen. Dagegen wird bei Emulatoren die Ausführung rein als Software realisiert, wodurch auch eine andere Rechnerarchitektur als die des Gastgeberrechners nachgebildet werden kann.},
	language = {de},
	urldate = {2022-04-04},
	journal = {Wikipedia},
	month = dec,
	year = {2021},
	note = {Page Version ID: 217786126},
}

@misc{noauthor_was_nodate-6,
	title = {Was ist {Virtuelle} {Maschine} - {Virtual} {Machine} ({VM})? - {Definition} von {WhatIs}.com},
	url = {https://www.computerweekly.com/de/definition/Virtuelle-Maschine-Virtual-Machine-VM},
	urldate = {2022-04-04},
}

@misc{noauthor_kubernetes_2021,
	title = {Kubernetes {Tutorial}: {Von} {Docker} zu {Kubernetes}},
	shorttitle = {Kubernetes {Tutorial}},
	url = {https://info.syseleven.de/kubernetes-tutorial/},
	abstract = {In diesem kostenlosen Kubernetes Tutorial erstellen wir gemeinsam mit unserem Kubernetes-Experten einen Kubernetes Cluster \& deployen eine erste Applikation.},
	language = {de-DE},
	urldate = {2022-04-04},
	month = jul,
	year = {2021},
}

@misc{noauthor_was_nodate-7,
	title = {Was ist {Kubernetes}?},
	url = {https://kubernetes.io/de/docs/concepts/overview/what-is-kubernetes/},
	abstract = {Diese Seite ist eine Übersicht über Kubernetes.
Kubernetes ist eine portable, erweiterbare Open-Source-Plattform zur Verwaltung von containerisierten Arbeitslasten und Services, die sowohl die deklarative Konfiguration als auch die Automatisierung erleichtert. Es hat ein großes, schnell wachsendes Ökosystem. Kubernetes Dienstleistungen, Support und Tools sind weit verbreitet.
Google hat das Kubernetes-Projekt 2014 als Open-Source-Projekt zur Verfügung gestellt. Kubernetes baut auf anderthalb Jahrzehnten Erfahrung auf, die Google mit der Ausführung von Produktions-Workloads in großem Maßstab hat, kombiniert mit den besten Ideen und Praktiken der Community.},
	language = {de},
	urldate = {2022-04-04},
	journal = {Kubernetes},
	note = {Section: docs},
	file = {Snapshot:C\:\\Users\\Raffeiner\\Zotero\\storage\\5AE79F4J\\what-is-kubernetes.html:text/html},
}

@misc{noauthor_yaml_2022,
	title = {{YAML}},
	copyright = {Creative Commons Attribution-ShareAlike License},
	url = {https://de.wikipedia.org/w/index.php?title=YAML&oldid=221562025},
	abstract = {YAML [ˈjæməl] ist eine vereinfachte Auszeichnungssprache (englisch markup language) zur Datenserialisierung, angelehnt an XML (ursprünglich) und an die Datenstrukturen in den Sprachen Perl, Python und C sowie dem in RFC 2822 vorgestellten E-Mail-Format. Die Idee zu YAML stammt 2001 von Clark Evans, die Spezifikation wurde von ihm selbst, Brian Ingerson und Oren Ben-Kiki erstellt.
YAML ist ein rekursives Akronym für „YAML Ain’t Markup Language“ (ursprünglich „Yet Another Markup Language“).},
	language = {de},
	urldate = {2022-04-04},
	journal = {Wikipedia},
	month = mar,
	year = {2022},
	note = {Page Version ID: 221562025},
}

@misc{noauthor_einfuhrung_2021,
	title = {Einführung in {YAML} für {Anfänger}},
	url = {https://geekflare.com/de/yaml-introduction/},
	abstract = {Wenn Sie ein Entwickler sind, der APIs schreibt, sind Sie wahrscheinlich auf YAML gestoßen, obwohl Ihr primäres Serialisierungstool möglicherweise JSON ist. YAML hat sein eigenes freundliches},
	language = {de},
	urldate = {2022-04-04},
	journal = {Geekflare},
	month = jan,
	year = {2021},
}

@misc{noauthor_docker_nodate-3,
	title = {Docker {Desktop} - {Docker}},
	url = {https://www.docker.com/products/docker-desktop/},
	urldate = {2022-04-04},
}

@misc{noauthor_install_nodate-1,
	title = {Install {Docker} {Desktop} on {Windows} {\textbar} {Docker} {Documentation}},
	url = {https://docs.docker.com/desktop/windows/install/},
	urldate = {2022-04-04},
}

@misc{noauthor_keycloakkeycloak_nodate,
	title = {keycloak/keycloak: {Open} {Source} {Identity} and {Access} {Management} {For} {Modern} {Applications} and {Services}},
	url = {https://github.com/keycloak/keycloak},
	urldate = {2022-04-04},
}

@misc{noauthor_keycloak_2022,
	title = {Keycloak},
	copyright = {Creative Commons Attribution-ShareAlike License},
	url = {https://en.wikipedia.org/w/index.php?title=Keycloak&oldid=1073770840},
	abstract = {Keycloak is an open source software product to allow single sign-on with Identity and Access Management aimed at modern applications and services.  As of March 2018 this WildFly community project is under the stewardship of Red Hat who use it as the upstream project for their RH-SSO product.},
	language = {en},
	urldate = {2022-04-04},
	journal = {Wikipedia},
	month = feb,
	year = {2022},
	note = {Page Version ID: 1073770840},
}

@misc{noauthor_mit_2020,
	title = {Mit {Keycloak} kommt unser {Learning} {Friday} {Projekt} auf ein neues {Level}},
	url = {https://www.gepardec.com/keycloak/},
	abstract = {Eines unserer Learning-Friday Projekte hat IoT als das Kernkonzept. In dem Zusammenhang waren wir mit dem Thema Security konfrontiert. Mehr dazu im Blog},
	language = {de-DE},
	urldate = {2022-04-04},
	journal = {gepardec},
	month = apr,
	year = {2020},
}

@misc{noauthor_keycloak_nodate,
	title = {Keycloak — {Open} {Source} {Admin}-{Handbuch} der {Linuxfabrik}},
	url = {https://docs.linuxfabrik.ch/software/keycloak.html},
	urldate = {2022-04-04},
}

@misc{noauthor_keycloak_nodate-1,
	title = {Keycloak},
	url = {https://www.keycloak.org/},
	urldate = {2022-04-04},
	file = {Keycloak:C\:\\Users\\Raffeiner\\Zotero\\storage\\RMLTN8X7\\www.keycloak.org.html:text/html},
}

@misc{bar_was_nodate,
	title = {Was ist {LDAP} ({Lightweight} {Directory} {Access} {Protocol})?},
	url = {https://www.ip-insider.de/was-ist-ldap-lightweight-directory-access-protocol-a-581204/},
	abstract = {Das \&quot;Lightweight Directory Access Protocol\&quot; (LDAP) ist ein Netzwerkprotokoll zur Durchführung von Abfragen und Änderungen in einem verteilten Verzeichnisdienst. Das Protokoll aus dem TCP/IP-Protokollstapel ist in den RFCs 4510, 4511 und 4532 spezifiziert.},
	language = {de},
	urldate = {2022-04-04},
	author = {Bär, Thomas},
}

@misc{noauthor_lightweight_nodate,
	title = {Lightweight {Directory} {Access} {Protocol} – {Wikipedia}},
	url = {https://de.wikipedia.org/wiki/Lightweight_Directory_Access_Protocol},
	urldate = {2022-04-04},
}

@misc{noauthor_active_nodate,
	title = {Active {Directory} und {Domäne} – einfach erklärt},
	url = {https://www.dr-datenschutz.de/active-directory-und-domaene-einfach-erklaert/},
	urldate = {2022-04-04},
}

@misc{noauthor_lightweight_2022,
	title = {Lightweight {Directory} {Access} {Protocol}},
	copyright = {Creative Commons Attribution-ShareAlike License},
	url = {https://de.wikipedia.org/w/index.php?title=Lightweight_Directory_Access_Protocol&oldid=221664556},
	abstract = {Das Lightweight Directory Access Protocol (LDAP), deutsch etwa Leichtgewichtiges Verzeichniszugriffsprotokoll, ist ein Netzwerkprotokoll zur Abfrage und Änderung von Informationen verteilter Verzeichnisdienste. Seine aktuelle und dritte Version ist in RFC 4510 bis RFC 4532 spezifiziert, das eigentliche Protokoll in RFC 4511.
LDAP ist der De-facto-Industriestandard für Authentifizierung, Autorisierung sowie Adress- und Benutzerverzeichnisse. Die meisten Softwareprodukte, die mit Benutzerdaten umgehen müssen und am Markt relevant sind, unterstützen LDAP.
Der Standardport ist:

389 für ungesicherte sowie nur mit STARTTLS gesicherte Verbindungen
636 für mit TLS gesicherte Verbindungen (LDAPS).},
	language = {de},
	urldate = {2022-04-04},
	journal = {Wikipedia},
	month = mar,
	year = {2022},
	note = {Page Version ID: 221664556},
}

@misc{noauthor_active_nodate-1,
	title = {Active {Directory} – {Wikipedia}},
	url = {https://de.wikipedia.org/wiki/Active_Directory},
	urldate = {2022-04-04},
}

@misc{noauthor_was_nodate-8,
	title = {Was ist ein {Active} {Directory}?},
	url = {https://www.ip-insider.de/was-ist-ein-active-directory-a-626455/},
	urldate = {2022-04-04},
}

@misc{auth0com_jwtio_nodate,
	title = {{JWT}.{IO} - {JSON} {Web} {Tokens} {Introduction}},
	url = {http://jwt.io/},
	abstract = {Learn about JSON Web Tokens, what are they, how they work, when and why you should use them.},
	language = {en},
	urldate = {2022-04-04},
	author = {auth0.com},
}

@misc{noauthor_json_nodate,
	title = {{JSON} {Web} {Token} – {Wikipedia}},
	url = {https://de.wikipedia.org/wiki/JSON_Web_Token},
	urldate = {2022-04-04},
}

@misc{noauthor_json_nodate-1,
	title = {{JSON} {Web} {Token} ({JWT}): {Funktionsweise} + {Beispiele} - {IONOS}},
	url = {https://www.ionos.at/digitalguide/websites/web-entwicklung/json-web-token-jwt-vorgestellt/},
	urldate = {2022-04-04},
}

@misc{noauthor_server_nodate,
	title = {Server {Administration} {Guide}},
	url = {https://www.keycloak.org/docs/latest/server_admin/},
	urldate = {2022-04-04},
}

@misc{noauthor_traefik_nodate,
	title = {Traefik},
	url = {https://doc.traefik.io/traefik/},
	urldate = {2022-04-04},
}

@misc{noauthor_traefiktraefik_nodate,
	title = {traefik/traefik: {The} {Cloud} {Native} {Application} {Proxy}},
	url = {https://github.com/traefik/traefik},
	urldate = {2022-04-04},
}

@misc{noauthor_typeerror_nodate,
	title = {{TypeError}: cyclic object value - {JavaScript} {\textbar} {MDN}},
	url = {https://developer.mozilla.org/en-US/docs/Web/JavaScript/Reference/Errors/Cyclic_object_value},
	urldate = {2022-04-04},
}

@misc{noauthor_fixing_nodate,
	title = {Fixing the error “{A} possible object cycle was detected” in different versions of {ASP}.{NET} {Core} – {Felipe} {Gavilán}},
	url = {https://gavilan.blog/2021/05/19/fixing-the-error-a-possible-object-cycle-was-detected-in-different-versions-of-asp-net-core/},
	urldate = {2022-04-04},
}

@misc{noauthor_fixing_nodate-1,
	title = {Fixing {CORS} {Issues} in {Your} {Front}-{End} {Angular} 7/8 {App} with {Angular} {CLI} {Proxy} {Configuration} {\textbar} {Techiediaries}},
	url = {https://www.techiediaries.com/fix-cors-with-angular-cli-proxy-configuration/},
	urldate = {2022-04-04},
	file = {Fixing CORS Issues in Your Front-End Angular 7/8 App with Angular CLI Proxy Configuration | Techiediaries:C\:\\Users\\Raffeiner\\Zotero\\storage\\3KYHLW39\\fix-cors-with-angular-cli-proxy-configuration.html:text/html},
}

@misc{noauthor_angular_nodate-5,
	title = {Angular {Alternatives} {\textbar} {Learn} {The} {Top} 8 {Alternatives} of {Angular}},
	url = {https://www.educba.com/angular-alternatives/},
	urldate = {2022-04-04},
}

@misc{noauthor_angular_nodate-6,
	title = {Angular vs {React} 2022: {Which} {JS} {Framework} your {Project} {Requires}?},
	url = {https://www.simform.com/blog/angular-vs-react/},
	urldate = {2022-04-04},
}

@misc{noauthor_vue_nodate,
	title = {Vue vs {React}: {What} is {The} {Best} {JavaScript} {Framework} in 2022? {\textbar} {Codica}},
	url = {https://www.codica.com/blog/react-vs-vue/},
	urldate = {2022-04-04},
}
